@misc{idc,
  title        = {AR/VR Headset Shipments Grew Dramatically in 2021, Thanks Largely to Meta's Strong Quest 2 Volumes, with Growth Forecast to Continue, According to IDC},
  howpublished = {\url{https://www.idc.com/getdoc.jsp?containerId=prUS48969722}}
}
